<record><leader>00000cas a2200000 a 4500</leader><controlfield tag="001">48772407</controlfield><controlfield tag="008">020111d20022005vaudn n       0   a0eng c</controlfield><datafield ind1=" " ind2=" " tag="010"><subfield code="a">  2002212302</subfield></datafield><datafield ind1=" " ind2=" " tag="040"><subfield code="a">VIC</subfield><subfield code="b">eng</subfield><subfield code="c">VIC</subfield><subfield code="d">NSD</subfield><subfield code="d">NVK</subfield><subfield code="d">OCLCQ</subfield><subfield code="d">OCLCF</subfield><subfield code="d">OCLCO</subfield></datafield><datafield ind1=" " ind2=" " tag="012"><subfield code="m">y</subfield></datafield><datafield ind1="1" ind2=" " tag="022"><subfield code="a">1538-9995</subfield><subfield code="l">1538-9995</subfield><subfield code="y">0273-6403</subfield><subfield code="y">0273-6381</subfield><subfield code="y">0273-639X</subfield><subfield code="2">1</subfield></datafield><datafield ind1="1" ind2=" " tag="029"><subfield code="a">AU@</subfield><subfield code="b">000023483121</subfield></datafield><datafield ind1=" " ind2=" " tag="032"><subfield code="a">543500</subfield><subfield code="b">USPS</subfield></datafield><datafield ind1=" " ind2=" " tag="037"><subfield code="b">The Northern Virginia Journal, 6408 Edsall Road, Alexandria, VA 22312-6475</subfield></datafield><datafield ind1=" " ind2=" " tag="042"><subfield code="a">nsdp</subfield><subfield code="a">pcc</subfield></datafield><datafield ind1=" " ind2=" " tag="043"><subfield code="a">n-us-va</subfield></datafield><datafield ind1=" " ind2="4" tag="222"><subfield code="a">The Northern Virginia journal</subfield></datafield><datafield ind1="0" ind2="4" tag="245"><subfield code="a">The Northern Virginia journal.</subfield></datafield><datafield ind1="1" ind2=" " tag="246"><subfield code="i">Online reference:</subfield><subfield code="a">Journal newspapers</subfield></datafield><datafield ind1="1" ind2="7" tag="246"><subfield code="a">Journal</subfield></datafield><datafield ind1=" " ind2=" " tag="260"><subfield code="a">Alexandria, Va. :</subfield><subfield code="b">Ryan Phillips,</subfield><subfield code="c">2001-2005.</subfield></datafield><datafield ind1=" " ind2=" " tag="300"><subfield code="a">v.</subfield></datafield><datafield ind1=" " ind2=" " tag="310"><subfield code="a">Daily (except Sat., Mon. and postal holidays)</subfield></datafield><datafield ind1="0" ind2=" " tag="362"><subfield code="a">Vol. 64, no. 1 (Jan. 2, 2002)-v. 67, no. 21 (Jan. 31, 2005).</subfield></datafield><datafield ind1=" " ind2=" " tag="500"><subfield code="a">"Serving all of Northern Virginia."</subfield></datafield><datafield ind1=" " ind2=" " tag="580"><subfield code="a">Alexandria journal, Arlington journal, and: Fairfax journal, merged to form: The Northern Virginia journal.</subfield></datafield><datafield ind1=" " ind2=" " tag="580"><subfield code="a">The Montgomery journal (Chevy Chase, Md.) and the Northern Virginia journal are replaced by the Washington examiner with editions in Virginia, Maryland and D.C. on Feb. 1, 2005.</subfield></datafield><datafield ind1=" " ind2=" " tag="583"><subfield code="a">1/02 PSR</subfield></datafield><datafield ind1=" " ind2="0" tag="651"><subfield code="a">Alexandria (Va.)</subfield><subfield code="v">Newspapers.</subfield></datafield><datafield ind1=" " ind2="0" tag="651"><subfield code="a">Arlington County (Va.)</subfield><subfield code="v">Newspapers.</subfield></datafield><datafield ind1=" " ind2="0" tag="651"><subfield code="a">Fairfax County (Va.)</subfield><subfield code="v">Newspapers.</subfield></datafield><datafield ind1=" " ind2="7" tag="655"><subfield code="a">Newspapers.</subfield><subfield code="2">fast</subfield><subfield code="0">(OCoLC)fst01423814</subfield></datafield><datafield ind1=" " ind2="7" tag="651"><subfield code="a">Virginia</subfield><subfield code="z">Alexandria.</subfield><subfield code="2">fast</subfield><subfield code="0">(OCoLC)fst01206236</subfield></datafield><datafield ind1=" " ind2="7" tag="651"><subfield code="a">Virginia</subfield><subfield code="z">Arlington County.</subfield><subfield code="2">fast</subfield><subfield code="0">(OCoLC)fst01219848</subfield></datafield><datafield ind1=" " ind2="7" tag="651"><subfield code="a">Virginia</subfield><subfield code="z">Fairfax County.</subfield><subfield code="2">fast</subfield><subfield code="0">(OCoLC)fst01204981</subfield></datafield><datafield ind1=" " ind2=" " tag="752"><subfield code="a">United States</subfield><subfield code="b">Virginia</subfield><subfield code="d">Alexandria.</subfield></datafield><datafield ind1="1" ind2=" " tag="775"><subfield code="t">Montgomery journal (Chevy Chase, Md.)</subfield><subfield code="w">(DLC)sn 78000490</subfield></datafield><datafield ind1="1" ind2="4" tag="780"><subfield code="s">Alexandria journal (Alexandria, Va. : 1980)</subfield><subfield code="x">0273-639X</subfield><subfield code="w">(OCoLC)6780277</subfield></datafield><datafield ind1="1" ind2="4" tag="780"><subfield code="s">Arlington journal (Alexandria, Va. : 1980)</subfield><subfield code="x">0273-6381</subfield><subfield code="w">(OCoLC)6780364</subfield></datafield><datafield ind1="1" ind2="4" tag="780"><subfield code="s">Fairfax journal (Springfield, Va. : 1980)</subfield><subfield code="x">0273-6403</subfield><subfield code="w">(OCoLC)6780189</subfield></datafield><datafield ind1="1" ind2="0" tag="785"><subfield code="t">Examiner (Alexandria, Va. : Virginia ed.)</subfield><subfield code="w">(DLC)sn2005061531</subfield></datafield></record>